<record><leader>00000cas a22000007a 4500</leader><controlfield tag="001">18124086</controlfield><controlfield tag="008">880623d18571865ohuwr ne      0    0eng d</controlfield><datafield ind1=" " ind2=" " tag="010"><subfield code="a">sn 88077577 </subfield></datafield><datafield ind1=" " ind2=" " tag="040"><subfield code="a">ONP</subfield><subfield code="b">eng</subfield><subfield code="c">ONP</subfield><subfield code="d">OCLCQ</subfield></datafield><datafield ind1=" " ind2=" " tag="042"><subfield code="a">msc</subfield></datafield><datafield ind1="0" ind2="0" tag="245"><subfield code="a">Morrow County herald.</subfield></datafield><datafield ind1=" " ind2=" " tag="260"><subfield code="a">Cardington, Ohio :</subfield><subfield code="b">Chas. Maxwell</subfield></datafield><datafield ind1=" " ind2=" " tag="310"><subfield code="a">Weekly</subfield></datafield><datafield ind1="1" ind2=" " tag="362"><subfield code="a">Began in 1857; ceased in Sept. 1865?</subfield></datafield><datafield ind1=" " ind2=" " tag="588"><subfield code="a">Description based on: Vol. 1, no. 48 (July 8, 1858).</subfield></datafield><datafield ind1=" " ind2=" " tag="752"><subfield code="a">United States</subfield><subfield code="b">Ohio</subfield><subfield code="c">Morrow</subfield><subfield code="d">Cardington.</subfield></datafield><datafield ind1="0" ind2="0" tag="785"><subfield code="t">Cardington reveille</subfield><subfield code="w">(DLC)sn 88077578</subfield></datafield></record>